@BOOK{ 1,
   author = {Leon S. {Sterling}},
   title = {The Art of Prolog},
   publisher = {MIT Press},
   year = {1994}
}


@misc{ 2,
   author = "SICStus",
   title = "Unweighted Graph Operations",
   year = "2006",
   url = "https://sicstus.sics.se/sicstus/docs/3.12.7/html/sicstus/UGraphs.html",
   note = "[Online; accesso 9-Novembro-2016]"
 }
 
@misc{ 3,
   author = "SICStus",
   title = "SICStus Prolog",
   year = "2006",
   url = "https://sicstus.sics.se/sicstus/docs/3.12.7/html/sicstus/index.html#Top",
   note = "[Online; accesso 5-Novembro-2016]"
 }

% ver formatacoes em http://en.wikibooks.org/wiki/LaTeX/Bibliography_Management ou http://en.wikipedia.org/wiki/BibTeX ou noutro site